@misc{EvalTools,
   author = "Emil Persson",
   title = "Evaluating tools and techniques for web scraping",
   institution = "KTH Royal Institue of Technology School of Electrical Engineering and Computer Science",
   url = "\url{http://www.diva-portal.org/smash/get/diva2:1415998/FULLTEXT01.pdf}"
},
@inproceedings{WebScrapingWithPython,
    author = {Ryan Mitchell},
    title = {Web Scraping with Python},
    booktitle = {Web Scraping with Python},
    year = {2015},
    language = {english},
    hyphenation = {english}
},
@misc{splashDocs,
    title = {{Splash - A javascript rendering service}},
    note = {on-line at: \url{https://splash.readthedocs.io/en/stable/},
    author = {© Copyright 2019, Scrapinghub Revision 6dc78f59}},
    year = {2019}
},
@misc{beautifulSoapDocs,
    title = {{Beautiful Soup Documentation}},
    note = {on-line at: \url{https://www.crummy.com/software/BeautifulSoup/bs4/doc/}},
    author = {Leonard Richardson},
    year = {2004-2023}
},
@misc{requestsDocs,
    title = {{Requests: HTTP for Humans}},
    note = {on-line at: \url{https://requests.readthedocs.io/en/latest/}},
    author = {A Kenneth Reitz P},
},
@misc{lxmlParser,
    title = {{Parsing XML and HTML with lxml}},
    note = {on-line at: \url{https://lxml.de/parsing.html}},
    author = {Stefan Behnel and Martijn Faassen},
},
@misc{htmlParser,
    title = {{html.parser — Simple HTML and XHTML parser}},
    note = {on-line at: \url{https://docs.python.org/3/library/html.parser.html}},
    author = {2001-2023, Python Software Foundation},
},
@misc{html5lib,
    title = {{html5lib}},
    note = {on-line at: \url{https://html5lib.readthedocs.io/en/latest/}},
    author = {Copyright 2006 - 2013, James Graham, Sam Sneddon and contributors Revision 3e500bb6}
}
@misc{selenium,
    title = {{Selenium}},
    note = {on-line at: \url{https://www.selenium.dev/documentation/}},
    author = {2023 Software Freedom Conservancy},
},
@misc{luaDocs,
    title = {{Lua Documentation}},
    note = {on-line at: \url{https://www.lua.org/docs.html},
    author = {1994–2023 Lua.org, PUC-Rio.},
}},
@misc{programmingInLua,
    title = {{Programming in Lua}},
    note = {on-line at: \url{
https://doc.lagout.org/programmation/Lua/Programming in Lua.pdf},
    author = {Roberto Ierusalimschy},
}},
@misc{scrapy,
    title = {{Scrapy}},
    note = {on-line at: \url{https://scrapy.org/}},
    author = {Maintained by Zyte (formerly Scrapinghub) and many other contributors},
},
@misc{xpath,
    title = {{XPath}},
    note = {on-line at: \url{https://www.w3.org/TR/1999/REC-xpath-19991116/}},
    author = {1999 W3C® (MIT, INRIA, Keio)},
},
@misc{captcha,
    title = {{CAPTCHA}},
    note = {on-line at: \url{http://www.captcha.net/}},
    author = {2000-2010 Carnegie Mellon University},
},
@misc{osmarPaper,
   author = "Osmar Castrillo-Fernández",
   title = "Web Scraping: Applications	and	Tools",
   url = "\url{https://data.europa.eu/sites/default/files/report/2015_web_scraping_applications_and_tools.pdf}"
},
@misc{docker,
   author = "2023 Docker Inc",
   title = "Docker",
   url = "\url{https://www.docker.com/}"
},
@misc{chronium,
    title = {{Headless Chromium}},
    note = {on-line at: \url{https://chromium.googlesource.com/chromium/src/+/lkgr/headless/README.md}},
    author = { Gitiles},
},
@misc{pip,
    title = {{pip documentation v23.1.1}},
    note = {on-line at: \url{https://pip.pypa.io/en/stable/},
    author = {The pip developers, Made with Sphinx and @pradyunsg's Furo}
}}